@article{Auction10yo,
  title={Primary 4 general studies: Price},
  author={Pang, MF and Chik, PPM},
  journal={For each and everyone: Catering for individual differences through learning studies},
  pages={96--115},
  year={2005},
  publisher={Hong Kong University Press Hong Kong}
}
@article{AuctionReplication,
  title={Meanings Are Acquired from Experiencing Differences against a Background of Sameness, Rather than from Experiencing Sameness against a Background of Difference: Putting a Conjecture to the Test by Embedding It in a Pedagogical Tool.},
  author={Marton, Ference and Pang, Ming Fai},
  journal={Frontline learning research},
  volume={1},
  number={1},
  pages={24--41},
  year={2013},
  publisher={ERIC}
}
@article{pang2013interaction,
  title={Interaction between the learnersâ€™ initial grasp of the object of learning and the learning resource afforded},
  author={Pang, Ming Fai and Marton, Ference},
  journal={Instructional Science},
  volume={41},
  number={6},
  pages={1065--1082},
  year={2013},
  publisher={Springer}
}
